@ARTICLE{oconnor:13,
   author = {{O'Connor}, E. and {Ott}, C.~D.},
    title = "{The Progenitor Dependence of the Pre-explosion Neutrino Emission in Core-collapse Supernovae}",
  journal = {\apj},
archivePrefix = "arXiv",
   eprint = {1207.1100},
 primaryClass = "astro-ph.HE",
 keywords = {equation of state, hydrodynamics, neutrinos, stars: evolution, stars: neutron, supernovae: general},
     year = 2013,
   volume = 762,
      eid = {126},
    pages = {126},
      doi = {10.1088/0004-637X/762/2/126},
   adsurl = {http://adsabs.harvard.edu/abs/2013ApJ...762..126O},
}

@ARTICLE{barenfeld:13,
   author = {{Barenfeld}, S.~A. and {Bubar}, E.~J. and {Mamajek}, E.~E. and 
	{Young}, P.~A.},
    title = "{A Kine-chemical Investigation of the AB Dor Moving Group ''Stream''}",
  journal = {\apj},
archivePrefix = "arXiv",
   eprint = {1301.5036},
 primaryClass = "astro-ph.SR",
 keywords = {open clusters and associations: individual: AB Dor Moving Group, stars: abundances, stars: kinematics and dynamics, stars: late-type },
     year = 2013,
    month = mar,
   volume = 766,
      eid = {6},
    pages = {6},
      doi = {10.1088/0004-637X/766/1/6},
   adsurl = {http://adsabs.harvard.edu/abs/2013ApJ...766....6B},
  adsnote = {Provided by the SAO/NASA Astrophysics Data System}
}
